<record><leader>00000cas a22000007a 4500</leader><controlfield tag="001">14361436</controlfield><controlfield tag="008">861008d19041984txuwr ne      0    0eng d</controlfield><datafield ind1=" " ind2=" " tag="010"><subfield code="a">sn 86089528 </subfield></datafield><datafield ind1=" " ind2=" " tag="040"><subfield code="a">PPM</subfield><subfield code="b">eng</subfield><subfield code="c">PPM</subfield><subfield code="d">OCL</subfield><subfield code="d">OCLCQ</subfield></datafield><datafield ind1=" " ind2=" " tag="042"><subfield code="a">msc</subfield></datafield><datafield ind1="0" ind2="4" tag="245"><subfield code="a">The Robert Lee observer.</subfield></datafield><datafield ind1=" " ind2=" " tag="260"><subfield code="a">Robert Lee, Tex. :</subfield><subfield code="b">Geo. Cowan</subfield></datafield><datafield ind1=" " ind2=" " tag="300"><subfield code="a">v. :</subfield><subfield code="b">ill. ;</subfield><subfield code="c">51 cm.</subfield></datafield><datafield ind1=" " ind2=" " tag="310"><subfield code="a">Weekly</subfield></datafield><datafield ind1="1" ind2=" " tag="362"><subfield code="a">Began in Feb., 1904; ceased in 1984.</subfield></datafield><datafield ind1=" " ind2=" " tag="500"><subfield code="a">Publisher: A.W. Puett &lt;1933&gt;</subfield></datafield><datafield ind1=" " ind2=" " tag="588"><subfield code="a">Description based on: Vol. 16, no. 37 (Mar. 22, 1907).</subfield></datafield><datafield ind1=" " ind2=" " tag="752"><subfield code="a">United States</subfield><subfield code="b">Texas</subfield><subfield code="c">Coke</subfield><subfield code="d">Robert Lee.</subfield></datafield><datafield ind1="0" ind2="0" tag="780"><subfield code="t">Rustler (Robert Lee, Tex.: 1901)</subfield><subfield code="w">(OCoLC)14277848</subfield></datafield><datafield ind1="0" ind2="0" tag="785"><subfield code="t">Observer/enterprise</subfield><subfield code="w">(OCoLC)11106367</subfield></datafield></record>